@misc{purpleair,
   author = "PurpleAir",
   title = "PurpleAir",
   year = "2020",
   url = "https://www2.purpleair.com/",
   note = "[Online; accessed 18-June-2020]"
 }
 @misc{aqandu,
   author = "Aqandu",
   title = "Aquandu",
   year = "2020",
   url = "https://aqandu.org/",
   note = "[Online; accessed 18-June-2020]"
 }
 @misc{aqandu:mlvideo,
   author = "Aqandu",
   title = "Aquandu Model and Forecasting",
   year = "2020",
   url = "http://air.eng.utah.edu/files/videos/july4th-7th_modeling_results.mp4",
   note = "[Online; accessed 18-June-2020]"
 }

@misc{"Openlayers",
author = "Openlayers",
title = "Openlayers",
year = "2020",
url = "https://openlayers.org/",
note = "[Online; Accessed 18-June-2020]"
}

@misc{"elastic",
 author = "Elastic.co",
 title = "Documentations",
 year = "2020",
 url = "https://www.elastic.co",
 note="[Online]"
} 